@ARTICLE{FLASH_COOKIES,
    author = {Ayenson, Mika and Wambach, Dietrich James and Soltani, Ashkan and Good, Nathan and Hoofnagle, Chris Jay},
     month = jul,
     title = {Flash Cookies and Privacy II: Now with HTML5 and ETag Respawning},
      year = {2011},
       url = {http://ssrn.com/abstract=1898390}
}